<?xml version="1.0" encoding="UTF-8"?><collection xmlns="http://www.loc.gov/MARC21/slim"><record><leader>00345nam--2200133-i-4500</leader><controlfield tag="001">000016894</controlfield><controlfield tag="002">20161230</controlfield><controlfield tag="005">20161230201032</controlfield><controlfield tag="008">060222s1000------------r-----000-0-eng-d</controlfield><datafield ind1=" " ind2=" " tag="100"><subfield code="a">Balint, Stefan</subfield></datafield><datafield ind1=" " ind2=" " tag="245"><subfield code="a">Analiza pe varietati</subfield></datafield><datafield ind1=" " ind2=" " tag="260"><subfield code="a">Timisoara, Universitatea Din Timisoara, 1989</subfield></datafield><datafield ind1=" " ind2=" " tag="490"><subfield code="a">Monografii Matematice</subfield></datafield><datafield ind1=" " ind2=" " tag="852"><subfield code="a">517.9(082.1)</subfield></datafield></record></collection>